<?xml version="1.0" encoding="UTF-8"?>
<record xmlns="http://www.loc.gov/MARC21/slim" xmlns:xsi="http://www.w3.org/2001/XMLSchema-instance" xsi:schemaLocation="http://www.loc.gov/MARC21/slim http://www.loc.gov/standards/marcxml/schema/MARC21slim.xsd">
<leader>00000cam a22      i 4500</leader>
<controlfield tag="001">001676356</controlfield>
<controlfield tag="003">NNU</controlfield>
<controlfield tag="005">20150603175441.0</controlfield>
<controlfield tag="008">890925s19uu    ua            000 0 arard</controlfield>
<datafield tag="035" ind1=" " ind2=" ">
<subfield code="a">(OCoLC)23515837</subfield>
<subfield code="z">(OCoLC)476961219</subfield>
</datafield>
<datafield tag="040" ind1=" " ind2=" ">
<subfield code="a">EYM</subfield>
<subfield code="b">eng</subfield>
<subfield code="c">EYM</subfield>
<subfield code="d">IUL</subfield>
<subfield code="d">OCL</subfield>
<subfield code="d">OCLCG</subfield>
<subfield code="d">OCLCQ</subfield>
<subfield code="d">OCLCA</subfield>
<subfield code="d">OCLCF</subfield>
<subfield code="d">IUL</subfield>
<subfield code="d">OCLCQ</subfield>
</datafield>
<datafield tag="050" ind1=" " ind2="4">
<subfield code="a">BP175</subfield>
<subfield code="b">.A5 I13 A86</subfield>
</datafield>
<datafield tag="100" ind1="1" ind2=" ">
<subfield code="6">880-01</subfield>
<subfield code="a">Ibn ʻAṭāʼ Allāh, Aḥmad ibn Muḥammad,</subfield>
<subfield code="d">-1309.</subfield>
</datafield>
<datafield tag="240" ind1="1" ind2="0">
<subfield code="6">880-02</subfield>
<subfield code="a">Qaṣd al-mujarrad fī maʻrifat al-ism al-mufrad</subfield>
</datafield>
<datafield tag="245" ind1="1" ind2="0">
<subfield code="6">880-03</subfield>
<subfield code="a">Allāh :</subfield>
<subfield code="b">al-qaṣd al-mujarrad fī maʻrifat al-ism al-mufrad /</subfield>
<subfield code="c">li-Ibn ʻAṭāʼ Allāh al-Sakandarī.</subfield>
</datafield>
<datafield tag="260" ind1=" " ind2=" ">
<subfield code="6">880-04</subfield>
<subfield code="a">al-Azhar [al-qāhirah] :</subfield>
<subfield code="b">Yuṭlabu min Maktabat wa-Maṭbʻat Muḥammad ʻAlī Ṣubayḥ,</subfield>
<subfield code="c">[19--]</subfield>
</datafield>
<datafield tag="300" ind1=" " ind2=" ">
<subfield code="a">103 pages ;</subfield>
<subfield code="c">22 cm</subfield>
</datafield>
<datafield tag="336" ind1=" " ind2=" ">
<subfield code="a">text</subfield>
<subfield code="b">txt</subfield>
<subfield code="2">rdacontent</subfield>
</datafield>
<datafield tag="337" ind1=" " ind2=" ">
<subfield code="a">unmediated</subfield>
<subfield code="b">n</subfield>
<subfield code="2">rdamedia</subfield>
</datafield>
<datafield tag="338" ind1=" " ind2=" ">
<subfield code="a">volume</subfield>
<subfield code="b">nc</subfield>
<subfield code="2">rdacarrier</subfield>
</datafield>
<datafield tag="650" ind1=" " ind2="0">
<subfield code="a">God (Islam)</subfield>
<subfield code="x">Name</subfield>
<subfield code="v">Early works to 1800.</subfield>
</datafield>
<datafield tag="650" ind1=" " ind2="7">
<subfield code="a">God (Islam)</subfield>
<subfield code="x">Name.</subfield>
<subfield code="2">fast</subfield>
<subfield code="0">(OCoLC)fst00944149</subfield>
</datafield>
<datafield tag="655" ind1=" " ind2="7">
<subfield code="a">Early works.</subfield>
<subfield code="2">fast</subfield>
<subfield code="0">(OCoLC)fst01411636</subfield>
</datafield>
<datafield tag="776" ind1="0" ind2="8">
<subfield code="i">Online version:</subfield>
<subfield code="a">Ibn ʻAṭāʼ Allāh, Aḥmad ibn Muḥammad, -1309.</subfield>
<subfield code="s">Qaṣd al-mujarrad fī maʻrifat al-ism al-mufrad.</subfield>
<subfield code="t">Allāh.</subfield>
<subfield code="d">Al-Azhar [Cairo] : Yuṭlabu min Maktabat wa-Maṭbaʼat Muḥammad ʻAlī Ṣubayḥ, [19--]</subfield>
<subfield code="w">(OCoLC)645285533</subfield>
</datafield>
<datafield tag="880" ind1="1" ind2=" ">
<subfield code="6">100-01/</subfield>
<subfield code="a">ابن عطاء الله، احمد بن محمد،,</subfield>
<subfield code="d">-1309.</subfield>
</datafield>
<datafield tag="880" ind1="1" ind2="0">
<subfield code="6">240-02/</subfield>
<subfield code="a">قصد المجرد في معرفة الاسم المفرد</subfield>
</datafield>
<datafield tag="880" ind1="1" ind2="0">
<subfield code="6">245-03/</subfield>
<subfield code="a">الله :</subfield>
<subfield code="b">القصد المجرد في معرفة الاسم المفرد /</subfield>
<subfield code="c">لابن عطاء الله السكندري.</subfield>
</datafield>
<datafield tag="880" ind1=" " ind2=" ">
<subfield code="6">260-04/</subfield>
<subfield code="a">الازهر [القاهرة] :</subfield>
<subfield code="b">يطلب من مكتبة ومطبعة محمد علي صبيح،</subfield>
<subfield code="c">[19--]</subfield>
</datafield>
<datafield tag="OWN" ind1=" " ind2=" ">
<subfield code="a">GENERAL</subfield>
</datafield>
<datafield tag="AVA" ind1=" " ind2=" ">
<subfield code="a">NYU50</subfield>
<subfield code="b">BOBST</subfield>
<subfield code="c">Main Collection</subfield>
<subfield code="d">BP166.2 .I2</subfield>
<subfield code="e">unavailable</subfield>
<subfield code="t">Unavailable</subfield>
<subfield code="f">1</subfield>
<subfield code="g">1</subfield>
<subfield code="h">N</subfield>
<subfield code="i">2</subfield>
<subfield code="j">MAIN</subfield>
<subfield code="k">0</subfield>
</datafield>
</record>
